% UNUSED
@book{backhaus_multivariate_2015,
	address = {Berlin, Deutschland},
	title = {Multivariate {Analysemethoden}},
	publisher = {Springer Gabler},
	author = {Backhaus, Klaus and Erichson, Bernd and Plinke, Wulff and Weiber, Rolf},
	year = {2015},
}

% UNUSED
@book{bird_natural_2009,
	address = {Sebastopol, Vereinigte Staaten},
	title = {Natural {Language} {Processing} with {Python}},
	publisher = {O'Reilly},
	author = {Bird, Steven and Klein, Ewan and Loper, Edward},
	year = {2009},
}

% UNUSED
@article{gambhir_recent_2016,
	address = {Chandigarh, Indien},
	title = {Recent {Automatic} {Text} {Summarization} {Techniques}},
	journal = {University of Panjab},
	author = {Gambhir, Mahak and Gupta, Vishal},
	year = {2016},
}

% UNUSED
@article{chaudhuri_using_2019,
	address = {Dresden, Deutschland},
	title = {Using a {KG}-{Copy} {Network} for {Non}-{Goal} {Oriented} {Dialogues}},
	journal = {Fraunhofer IAIS},
	author = {Chaudhuri, Debanjan and Al Hasan Rony, Rashad and Jordan, Simon and Lehmann, Jens},
	year = {2019},
}

% UNUSED
@misc{goncalves_automatic_2020,
	title = {Automatic {Text} {Summarization} with {Machine} {Learning}},
	url = {https://medium.com/luisfredgs/automatic-text-summarization-with-machine-learning-an-overview-68ded5717a25},
	author = {Goncalves, Luis},
	year = {2020},
}

% UNUSED
@article{goo_abstractive_2018,
	address = {Hsinchu, Taiwan},
	title = {Abstractive {Dialogue} {Summarization} with {Sentence}-{Gated} {Modeling} {Optimized} by {Dialogue} {Acts}},
	journal = {University of Taiwan},
	author = {Goo, Chih-Wen and Chen, Yun-Nung},
	year = {2018},
}

% UNUSED
@misc{joshi_global_2020,
	title = {Global {Summarization} of {Medical} {Dialogue} by {Exploiting} {Local} {Structures}},
	url = {https://arxiv.org/pdf/2009.08666.pdf},
	author = {Joshi, Anirudh and Katariya, Namit and Amatriain, Xavier and Kannan, Anitha},
	year = {2020},
}

% UNUSED
@article{kiani_automatic_2017,
	address = {Istanbul, Türkei},
	title = {Automatic {Text} {Summarization}},
	journal = {University of Arel},
	author = {Kiani, Farzad},
	year = {2017},
}

% UNUSED
@misc{kriesel_kleiner_2005,
	title = {Ein kleiner Überblick über neuronale {Netze}},
	url = {http://www.dkriesel.com/science/neural_networks},
	author = {Kriesel, David},
	year = {2005},
}

% UNUSED
@article{kosovan_dialogue_2017,
	address = {Bonn, Deutschland},
	title = {Dialogue {Response} {Generation} using {Neural} {Networks} with {Attention} and {Background} {Knowledge}},
	journal = {University of Bonn},
	author = {Kosovan, Sofia and Lehmann, Jens and Fischer, Asja},
	year = {2017},
}

% UNUSED
@inproceedings{liu_automatic_2019,
	address = {Anchorage, Vereinigte Staaten},
	title = {Automatic {Dialogue} {Summary} {Generation} for {Customer} {Service}},
	author = {Liu, Chunyi and Wang, Peng and Xu, Jiang and Li, Zang and Ye, Jieping},
	year = {2019},
}

% UNUSED
@article{nitsche_towards_2019,
	address = {Hamburg, Deutschland},
	title = {Towards {German} {Abstractive} {Text} {Summarization} using {Deep} {Learning}},
	journal = {HAW Hamburg},
	author = {Nitsche, Matthias},
	year = {2019},
}

% UNUSED
@book{raschka_machine_2019,
	address = {Birmingham, Vereinigtes Königreich},
	title = {Machine {Learning} and {Deep} {Learning} with {Python}},
	publisher = {Packt},
	author = {Raschka, Sebastian and Mirjalili, Vahid},
	year = {2019},
}

% UNUSED
@book{rashid_neuronale_2017,
	address = {Sebastopol, Vereinigte Staaten},
	title = {Neuronale {Netze} selbst programmieren},
	publisher = {O'Reilly},
	author = {Rashid, Tariq},
	year = {2017},
}

% UNUSED
@article{sinha_extractive_2018,
	address = {Delhi, Indien},
	title = {Extractive {Text} {Summarization} using {Neural} {Networks}},
	journal = {Indian Institute of Technology},
	author = {Sinha, Akash and Yadav, Abhishek and Gahlot, Akshay},
	year = {2018},
}

% UNUSED
@misc{zhang_dive_2020,
	title = {Dive into {Deep} {Learning}},
	url = {https://d2l.ai/},
	author = {Zhang, Aston and Lipton, Zachary and Li, Mu and Smola, Alexander},
	year = {2020},
}
